[gd_scene load_steps=21 format=2]

[ext_resource path="res://Assets/Stages/Forest/Monsters/PigCannon/PigCannonIdle1.png" type="Texture" id=1]
[ext_resource path="res://Assets/Stages/Forest/Monsters/PigCannon/PigCannonIdle2.png" type="Texture" id=2]
[ext_resource path="res://Scripts/Enemies/PigCanon.gd" type="Script" id=3]
[ext_resource path="res://Assets/Stages/Forest/Monsters/PigCannon/PigCannonDie4.png" type="Texture" id=4]
[ext_resource path="res://Assets/Stages/Forest/Monsters/PigCannon/PigCannonAttack4.png" type="Texture" id=5]
[ext_resource path="res://Assets/Stages/Forest/Monsters/PigCannon/PigCannonAttack2.png" type="Texture" id=6]
[ext_resource path="res://Assets/Stages/Forest/Monsters/PigCannon/PigCannonDie1.png" type="Texture" id=7]
[ext_resource path="res://Assets/Stages/Forest/Monsters/PigCannon/PigCannonAttack6.png" type="Texture" id=8]
[ext_resource path="res://Assets/Stages/Forest/Monsters/PigCannon/PigCannonAttack5.png" type="Texture" id=9]
[ext_resource path="res://Assets/Stages/Forest/Monsters/PigCannon/PigCannonAttack3.png" type="Texture" id=10]
[ext_resource path="res://Assets/Stages/Forest/Monsters/PigCannon/PigCannonDie2.png" type="Texture" id=11]
[ext_resource path="res://Assets/Stages/Forest/Monsters/PigCannon/PigCannonDie3.png" type="Texture" id=12]
[ext_resource path="res://Assets/Stages/Forest/Monsters/PigCannon/PigCannonAttack1.png" type="Texture" id=13]
[ext_resource path="res://Assets/Stages/Forest/Monsters/PigCannon/PigCannonHit.png" type="Texture" id=14]
[ext_resource path="res://Sounds/Enemies/Pigs/PigHit.ogg" type="AudioStream" id=15]
[ext_resource path="res://Sounds/Enemies/Pigs/PigDeath.ogg" type="AudioStream" id=16]
[ext_resource path="res://Sounds/Enemies/Pigs/PigCanonAttack.ogg" type="AudioStream" id=17]

[sub_resource type="SpriteFrames" id=1]
animations = [ {
"frames": [ ExtResource( 13 ), ExtResource( 6 ), ExtResource( 10 ), ExtResource( 5 ), ExtResource( 9 ), ExtResource( 8 ) ],
"loop": false,
"name": "Attack",
"speed": 7.0
}, {
"frames": [ ExtResource( 7 ), ExtResource( 11 ), ExtResource( 12 ), ExtResource( 4 ) ],
"loop": false,
"name": "Die",
"speed": 10.0
}, {
"frames": [ ExtResource( 1 ), ExtResource( 2 ) ],
"loop": true,
"name": "Idle",
"speed": 3.0
}, {
"frames": [ ExtResource( 14 ) ],
"loop": true,
"name": "Hit",
"speed": 5.0
} ]

[sub_resource type="RectangleShape2D" id=2]
extents = Vector2( 6, 9 )

[sub_resource type="RectangleShape2D" id=3]
extents = Vector2( 7, 1 )

[node name="PigCanon" type="StaticBody2D"]
z_index = 1
collision_layer = 2
collision_mask = 2147483650
script = ExtResource( 3 )

[node name="AnimatedSprite" type="AnimatedSprite" parent="."]
frames = SubResource( 1 )
animation = "Idle"
playing = true

[node name="CollisionShape2D" type="CollisionShape2D" parent="."]
position = Vector2( -20, 5 )
shape = SubResource( 2 )

[node name="BounceArea" type="Area2D" parent="."]
position = Vector2( 0, 1 )

[node name="CollisionShape2D" type="CollisionShape2D" parent="BounceArea"]
position = Vector2( -20, -9 )
rotation = 3.14159
shape = SubResource( 3 )
one_way_collision = true

[node name="Sounds" type="Node2D" parent="."]

[node name="Death" type="AudioStreamPlayer2D" parent="Sounds"]
stream = ExtResource( 16 )
volume_db = -11.0

[node name="Hit" type="AudioStreamPlayer2D" parent="Sounds"]
stream = ExtResource( 15 )
volume_db = -11.0

[node name="Attack" type="AudioStreamPlayer2D" parent="Sounds"]
stream = ExtResource( 17 )
volume_db = -11.0
[connection signal="animation_finished" from="AnimatedSprite" to="." method="_on_AnimatedSprite_animation_finished"]
[connection signal="body_entered" from="BounceArea" to="." method="_on_BounceArea_body_entered"]
